01BGMAX               0120100324134159218586P                                   
050002407617          SEK                                                       
200051602332100252            1000014000000000003708700314910400258350          
26CYBERPHOTO AB                      BOX 1226                                   
27                                   90122                                      
28UMEÅ                                                                          
29005565554762                                                                  
15000000000000000000061810007371111111010032400025000000000003708700SEK00000001 
050002407617          SEK                                                       
200000000000                  1002633000000000001437500214910403699200          
26JUNIBACKEN AB,                                                                
27TALLBACKSV 1                       136 48                                     
28HANINGE                                                                       
15000000000000000000061810007371111111010032400026000000000001437500SEK00000001 
7000000002000000000000000000000002                                              
