110002407617160224LEVERANTÖRSBETALNINGAR1602241            SEK                  
260053723532SWEDELTACO AB                                                       
1400537235321106871203               000000053800000000000001002474             
29000240761700000001000000053800                                                
