110002407617160222LEVERANTÖRSBETALNINGAR1602221            SEK                  
260006182869Nespresso Sv Filial AS Nestlé Norge                                 
140006182869369155247579             000000088500000000000001002471             
29000240761700000001000000088500                                                
110054728027160222LEVERANTÖRSBETALNINGAR1602221            SEK                  
260001246230HSB Stockholm Kund                                                  
140001246230100031160051250          00000061500000000000000343                 
29005472802700000001000000615000                                                
